<record xmlns="http://www.loc.gov/MARC21/slim" xmlns:xsi="http://www.w3.org/2001/XMLSchema-instance" xsi:schemaLocation="http://www.loc.gov/MARC21/slim http://www.loc.gov/standards/marcxml/schema/MARC21slim.xsd"><leader>     nam a22        4500</leader><controlfield tag="001">3526982</controlfield><controlfield tag="003">NIC</controlfield><controlfield tag="006">m        d        </controlfield><controlfield tag="007">cr cn |||m|||a</controlfield><controlfield tag="008">150316m19551964le      o     000 0 ara  </controlfield><datafield ind1=" " ind2=" " tag="040"><subfield code="a">NNU</subfield><subfield code="b">eng</subfield><subfield code="e">rda</subfield><subfield code="c">NNU</subfield></datafield><datafield ind1="0" ind2="0" tag="050"><subfield code="a">PJ7631</subfield><subfield code="b">.A2 1955</subfield></datafield><datafield ind1="0" ind2=" " tag="100"><subfield code="6">880-01</subfield><subfield code="a">Abu&#772; al-Faraj al-Is&#803;baha&#772;ni&#772;,</subfield><subfield code="d">897 or 898-967.</subfield></datafield><datafield ind1="1" ind2="0" tag="240"><subfield code="6">880-02</subfield><subfield code="a">Agha&#772;ni&#772;</subfield></datafield><datafield ind1="1" ind2="0" tag="245"><subfield code="6">880-03</subfield><subfield code="a">Kita&#772;b al-agha&#772;ni&#772; /</subfield><subfield code="c">ta&#700;li&#772;f Abi&#772; al-Faraj al-Is&#803;faha&#772;ni&#772; ; ashrafa &#699;ala&#769; mura&#772;ja&#699;tihi wa-t&#803;aba&#699;ih &#699;Abd Alla&#772;h al-&#699;Ala&#772;yili&#772;, Mu&#772;sa&#769; Sulayma&#772;n, Ah&#803;mad Abu&#772; Sa&#699;d.</subfield></datafield><datafield ind1=" " ind2=" " tag="260"><subfield code="6">880-04</subfield><subfield code="a">Bayru&#772;t :</subfield><subfield code="b">Da&#772;r al-Thaqa&#772;fah,</subfield><subfield code="c">[1955-1964]</subfield></datafield><datafield ind1=" " ind2=" " tag="300"><subfield code="a">online resource (25 volumes)</subfield></datafield><datafield ind1=" " ind2=" " tag="336"><subfield code="a">text</subfield><subfield code="2">rdacontent</subfield></datafield><datafield ind1=" " ind2=" " tag="337"><subfield code="a">computer</subfield><subfield code="2">rdamedia</subfield></datafield><datafield ind1=" " ind2=" " tag="338"><subfield code="a">online resource</subfield><subfield code="2">rdacarrier</subfield></datafield><datafield ind1=" " ind2=" " tag="500"><subfield code="a">Some volumes in revised editions.</subfield></datafield><datafield ind1=" " ind2=" " tag="500"><subfield code="a">Vols. 24-25: al-Faha&#772;ris.</subfield></datafield><datafield ind1=" " ind2=" " tag="500"><subfield code="a">Part of the Arabic Collections Online (ACO) project, contributed by Cornell University Libraries.</subfield></datafield><datafield ind1=" " ind2=" " tag="533"><subfield code="a">Electronic reproduction.</subfield><subfield code="b">New York, N.Y. :</subfield><subfield code="c">New York University,</subfield><subfield code="d">2015.</subfield><subfield code="5">NNU</subfield></datafield><datafield ind1=" " ind2="0" tag="650"><subfield code="a">Arabic poetry</subfield><subfield code="v">Early works to 1800.</subfield></datafield><datafield ind1=" " ind2="7" tag="650"><subfield code="a">Arabic poetry.</subfield><subfield code="2">fast</subfield><subfield code="0">(OCoLC)fst00812533</subfield></datafield><datafield ind1=" " ind2="7" tag="655"><subfield code="a">Early works.</subfield><subfield code="2">fast</subfield><subfield code="0">(OCoLC)fst01411636</subfield></datafield><datafield ind1="1" ind2=" " tag="700"><subfield code="6">880-05</subfield><subfield code="a">Farra&#772;j, &#699;Abd al-Satta&#772;r Ah&#803;mad.</subfield></datafield><datafield ind1="1" ind2=" " tag="700"><subfield code="6">880-06</subfield><subfield code="a">&#699;Ala&#772;yili&#772;, &#699;Abd Alla&#772;h.</subfield></datafield><datafield ind1="1" ind2=" " tag="700"><subfield code="6">880-07</subfield><subfield code="a">Sulayma&#772;n, Mu&#772;sa&#769;.</subfield></datafield><datafield ind1="1" ind2=" " tag="700"><subfield code="6">880-08</subfield><subfield code="a">Abu&#772; Sa&#699;d, Ah&#803;mad.</subfield></datafield><datafield ind1="2" ind2=" " tag="710"><subfield code="a">Cornell University.</subfield><subfield code="b">Libraries.</subfield></datafield><datafield ind1="0" ind2=" " tag="730"><subfield code="a">Arabic Collections Online.</subfield></datafield><datafield ind1="0" ind2=" " tag="740"><subfield code="6">880-09</subfield><subfield code="a">Agha&#772;ni&#772;.</subfield></datafield><datafield ind1="0" ind2="8" tag="776"><subfield code="i">Online version:</subfield><subfield code="a">Abu&#772; al-Faraj al-Is&#803;baha&#772;ni&#772;, 897 or 8-967.</subfield><subfield code="t">Kita&#772;b al-agha&#772;ni&#772;.</subfield><subfield code="d">Bayru&#772;t : Da&#772;r al-Thaqa&#772;fah, [1955-1964]</subfield><subfield code="w">(OCoLC)576783908</subfield></datafield><datafield ind1="0" ind2="8" tag="776"><subfield code="i">Print version:</subfield><subfield code="a">Abu&#772; al-Faraj al-Is&#803;baha&#772;ni&#772;, 897 or 898-967.</subfield><subfield code="t">Kita&#772;b al-agha&#772;ni&#772;</subfield><subfield code="w">(NIC)3526982</subfield><subfield code="w">(DLC)ne 61000170 </subfield><subfield code="w">(OCoLC)12386490</subfield></datafield><datafield ind1="4" ind2="0" tag="856"><subfield code="u">http://hdl.handle.net/2333.1/5mkkwkjc</subfield></datafield><datafield ind1="0" ind2=" " tag="880"><subfield code="6">100-01/r</subfield><subfield code="a">&#1575;&#1576;&#1608; &#1575;&#1604;&#1601;&#1585;&#1580; &#1575;&#1604;&#1575;&#1589;&#1576;&#1607;&#1575;&#1606;&#1610;&#1548;,</subfield><subfield code="d">897 or 898-967.</subfield></datafield><datafield ind1="1" ind2="0" tag="880"><subfield code="6">240-02/r</subfield><subfield code="a">&#1571;&#1594;&#1575;&#1606;&#1610;</subfield></datafield><datafield ind1="1" ind2="0" tag="880"><subfield code="6">245-03/r</subfield><subfield code="a">&#1603;&#1578;&#1575;&#1576; &#1575;&#1604;&#1571;&#1594;&#1575;&#1606;&#1610; /</subfield><subfield code="c">&#1578;&#1571;&#1604;&#1610;&#1601; &#1571;&#1576;&#1610; &#1575;&#1604;&#1601;&#1585;&#1580; &#1575;&#1604;&#1575;&#1589;&#1601;&#1607;&#1575;&#1606;&#1610; &#1563; &#1571;&#1588;&#1585;&#1601; &#1593;&#1604;&#1609; &#1605;&#1585;&#1575;&#1580;&#1593;&#1578;&#1607; &#1608;&#1591;&#1576;&#1593;&#1607; &#1593;&#1576;&#1583; &#1575;&#1604;&#1604;&#1607; &#1575;&#1604;&#1593;&#1604;&#1575;&#1610;&#1604;&#1610;&#1548; &#1605;&#1608;&#1587;&#1609; &#1587;&#1604;&#1610;&#1605;&#1575;&#1606;&#1548; &#1571;&#1581;&#1605;&#1583; &#1571;&#1576;&#1608; &#1587;&#1593;&#1583;.</subfield></datafield><datafield ind1=" " ind2=" " tag="880"><subfield code="6">260-04/r</subfield><subfield code="a">&#1576;&#1610;&#1585;&#1608;&#1578; :</subfield><subfield code="b">&#1583;&#1575;&#1585; &#1575;&#1604;&#1579;&#1602;&#1575;&#1601;&#1577;&#1548;</subfield><subfield code="c">[1955-1964]</subfield></datafield><datafield ind1="1" ind2=" " tag="880"><subfield code="6">700-05/r</subfield><subfield code="a">&#1601;&#1585;&#1575;&#1580;&#1548; &#1593;&#1576;&#1583; &#1575;&#1604;&#1587;&#1578;&#1575;&#1585; &#1571;&#1581;&#1605;&#1583;.</subfield></datafield><datafield ind1="1" ind2=" " tag="880"><subfield code="6">700-06/r</subfield><subfield code="a">&#1593;&#1604;&#1575;&#1610;&#1604;&#1610;&#1548; &#1593;&#1576;&#1583; &#1575;&#1604;&#1604;&#1607;.</subfield></datafield><datafield ind1="1" ind2=" " tag="880"><subfield code="6">700-07/r</subfield><subfield code="a">&#1587;&#1604;&#1610;&#1605;&#1575;&#1606;&#1548; &#1605;&#1608;&#1587;&#1609;.</subfield></datafield><datafield ind1="1" ind2=" " tag="880"><subfield code="6">700-08/r</subfield><subfield code="a">&#1575;&#1576;&#1608; &#1587;&#1593;&#1583;&#1548; &#1575;&#1581;&#1605;&#1583;.</subfield></datafield><datafield ind1="0" ind2=" " tag="880"><subfield code="6">740-09/r</subfield><subfield code="a">&#1575;&#1594;&#1575;&#1606;&#1610;.</subfield></datafield><datafield ind1=" " ind2=" " tag="959"><subfield code="a">NNU</subfield><subfield code="b">WEB</subfield><subfield code="c">GENI</subfield><subfield code="t">0</subfield><subfield code="m">Electronic access</subfield><subfield code="s">01</subfield></datafield><datafield ind1=" " ind2=" " tag="999"><subfield code="i">NIC_3526982</subfield><subfield code="o">(OCoLC)ocm12386490 </subfield><subfield code="s">cornell_aco000382:v.1:pt.1-4</subfield><subfield code="s">cornell_aco000381:v.3:pt.1-3</subfield><subfield code="s">cornell_aco000380:v.4</subfield><subfield code="s">cornell_aco000379:v.5</subfield><subfield code="s">cornell_aco000378:v.6</subfield><subfield code="s">cornell_aco000377:v.7</subfield><subfield code="s">cornell_aco000376:v.8</subfield><subfield code="s">cornell_aco000375:v.9</subfield><subfield code="s">cornell_aco000374:v.10</subfield><subfield code="s">cornell_aco000373:v.11</subfield><subfield code="s">cornell_aco000372:v.12</subfield><subfield code="s">cornell_aco000371:v.13</subfield><subfield code="s">cornell_aco000370:v.14</subfield><subfield code="s">cornell_aco000369:v.15</subfield><subfield code="s">cornell_aco000368:v.16</subfield><subfield code="s">cornell_aco000367:v.17</subfield><subfield code="s">cornell_aco000364:v.18</subfield><subfield code="s">cornell_aco000365:v.19</subfield><subfield code="s">cornell_aco000366:v.20</subfield><subfield code="s">cornell_aco000361:v.21</subfield><subfield code="s">cornell_aco000362:v.22</subfield><subfield code="s">cornell_aco000363:v.23</subfield></datafield></record>